<record><leader>00000cas a2200000 a 4500</leader><controlfield tag="001">36700867</controlfield><controlfield tag="008">970408d187918uufluwr ne      0    0eng c</controlfield><datafield ind1=" " ind2=" " tag="010"><subfield code="a">sn 97027595 </subfield></datafield><datafield ind1=" " ind2=" " tag="040"><subfield code="a">FUG</subfield><subfield code="b">eng</subfield><subfield code="c">FUG</subfield><subfield code="d">OCLCQ</subfield><subfield code="d">OCLCF</subfield><subfield code="d">OCLCO</subfield></datafield><datafield ind1="1" ind2=" " tag="029"><subfield code="a">AU@</subfield><subfield code="b">000013196504</subfield></datafield><datafield ind1=" " ind2=" " tag="042"><subfield code="a">pcc</subfield></datafield><datafield ind1=" " ind2=" " tag="043"><subfield code="a">n-us-fl</subfield></datafield><datafield ind1="0" ind2="4" tag="245"><subfield code="a">The South Florida citizen.</subfield></datafield><datafield ind1="1" ind2="3" tag="246"><subfield code="a">Florida citizen</subfield></datafield><datafield ind1=" " ind2=" " tag="260"><subfield code="a">Apopka City, Orange Co., Fla. :</subfield><subfield code="b">[s.n.],</subfield><subfield code="c">1879-</subfield></datafield><datafield ind1=" " ind2=" " tag="300"><subfield code="a">v.</subfield></datafield><datafield ind1=" " ind2=" " tag="310"><subfield code="a">Weekly</subfield></datafield><datafield ind1="0" ind2=" " tag="362"><subfield code="a">Vol. 1, no. 1 (Apr. 9, 1879)-</subfield></datafield><datafield ind1=" " ind2=" " tag="500"><subfield code="a">"There is a God in Israel; in his Word do we trust; in his Name do we set up our banners."</subfield></datafield><datafield ind1=" " ind2=" " tag="500"><subfield code="a">"The Democratic newspaper of Orange County."</subfield></datafield><datafield ind1=" " ind2=" " tag="500"><subfield code="a">Editors: Willis M. Russell, A.M.C. Russell.</subfield></datafield><datafield ind1=" " ind2="0" tag="651"><subfield code="a">Apopka (Fla.)</subfield><subfield code="v">Newspapers.</subfield></datafield><datafield ind1=" " ind2="0" tag="651"><subfield code="a">Orange County (Fla.)</subfield><subfield code="v">Newspapers.</subfield></datafield><datafield ind1=" " ind2="7" tag="655"><subfield code="a">Newspapers.</subfield><subfield code="2">fast</subfield><subfield code="0">(OCoLC)fst01423814</subfield></datafield><datafield ind1=" " ind2="7" tag="651"><subfield code="a">Florida</subfield><subfield code="z">Apopka.</subfield><subfield code="2">fast</subfield><subfield code="0">(OCoLC)fst01215787</subfield></datafield><datafield ind1=" " ind2="7" tag="651"><subfield code="a">Florida</subfield><subfield code="z">Orange County.</subfield><subfield code="2">fast</subfield><subfield code="0">(OCoLC)fst01211878</subfield></datafield><datafield ind1=" " ind2=" " tag="752"><subfield code="a">United States</subfield><subfield code="b">Florida</subfield><subfield code="c">Orange</subfield><subfield code="d">Apopka.</subfield></datafield><datafield ind1="0" ind2="0" tag="785"><subfield code="t">Apopka citizen</subfield><subfield code="w">(DLC)sn 95026058</subfield><subfield code="w">(OCoLC)32686024</subfield></datafield></record>